%YAML 1.1
%TAG !u! tag:unity3d.com,2011:
--- !u!1 &1476732492080766
GameObject:
  m_ObjectHideFlags: 0
  m_CorrespondingSourceObject: {fileID: 0}
  m_PrefabInstance: {fileID: 0}
  m_PrefabAsset: {fileID: 0}
  serializedVersion: 6
  m_Component:
  - component: {fileID: 4561646482112880}
  - component: {fileID: 54189172321289158}
  - component: {fileID: 82409599306275880}
  - component: {fileID: 136401037863689238}
  - component: {fileID: 114592555712660712}
  - component: {fileID: 114752991469576626}
  m_Layer: 0
  m_Name: Player
  m_TagString: Player
  m_Icon: {fileID: 0}
  m_NavMeshLayer: 0
  m_StaticEditorFlags: 0
  m_IsActive: 1
--- !u!4 &4561646482112880
Transform:
  m_ObjectHideFlags: 0
  m_CorrespondingSourceObject: {fileID: 0}
  m_PrefabInstance: {fileID: 0}
  m_PrefabAsset: {fileID: 0}
  m_GameObject: {fileID: 1476732492080766}
  m_LocalRotation: {x: 0, y: 0, z: 0, w: 1}
  m_LocalPosition: {x: 0, y: 0, z: 0}
  m_LocalScale: {x: 1, y: 1, z: 1}
  m_ConstrainProportionsScale: 0
  m_Children:
  - {fileID: 4920453902177085319}
  - {fileID: 8335851542449991303}
  - {fileID: 5450095956042285901}
  - {fileID: 1118933178964135789}
  m_Father: {fileID: 0}
  m_RootOrder: 0
  m_LocalEulerAnglesHint: {x: 0, y: 0, z: 0}
--- !u!54 &54189172321289158
Rigidbody:
  m_ObjectHideFlags: 0
  m_CorrespondingSourceObject: {fileID: 0}
  m_PrefabInstance: {fileID: 0}
  m_PrefabAsset: {fileID: 0}
  m_GameObject: {fileID: 1476732492080766}
  serializedVersion: 2
  m_Mass: 1
  m_Drag: Infinity
  m_AngularDrag: Infinity
  m_UseGravity: 1
  m_IsKinematic: 0
  m_Interpolate: 0
  m_Constraints: 84
  m_CollisionDetection: 0
--- !u!82 &82409599306275880
AudioSource:
  m_ObjectHideFlags: 0
  m_CorrespondingSourceObject: {fileID: 0}
  m_PrefabInstance: {fileID: 0}
  m_PrefabAsset: {fileID: 0}
  m_GameObject: {fileID: 1476732492080766}
  m_Enabled: 1
  serializedVersion: 4
  OutputAudioMixerGroup: {fileID: 243307607558917232, guid: cd65750ed2d648641816fcb2c461e0d5,
    type: 2}
  m_audioClip: {fileID: 8300000, guid: 9922a12f34d0a084aab32de985459723, type: 3}
  m_PlayOnAwake: 0
  m_Volume: 1
  m_Pitch: 1
  Loop: 0
  Mute: 0
  Spatialize: 0
  SpatializePostEffects: 0
  Priority: 128
  DopplerLevel: 1
  MinDistance: 1
  MaxDistance: 500
  Pan2D: 0
  rolloffMode: 0
  BypassEffects: 0
  BypassListenerEffects: 0
  BypassReverbZones: 0
  rolloffCustomCurve:
    serializedVersion: 2
    m_Curve:
    - serializedVersion: 3
      time: 0
      value: 1
      inSlope: 0
      outSlope: 0
      tangentMode: 0
      weightedMode: 0
      inWeight: 0.33333334
      outWeight: 0.33333334
    - serializedVersion: 3
      time: 1
      value: 0
      inSlope: 0
      outSlope: 0
      tangentMode: 0
      weightedMode: 0
      inWeight: 0.33333334
      outWeight: 0.33333334
    m_PreInfinity: 2
    m_PostInfinity: 2
    m_RotationOrder: 4
  panLevelCustomCurve:
    serializedVersion: 2
    m_Curve:
    - serializedVersion: 3
      time: 0
      value: 0
      inSlope: 0
      outSlope: 0
      tangentMode: 0
      weightedMode: 0
      inWeight: 0.33333334
      outWeight: 0.33333334
    m_PreInfinity: 2
    m_PostInfinity: 2
    m_RotationOrder: 0
  spreadCustomCurve:
    serializedVersion: 2
    m_Curve:
    - serializedVersion: 3
      time: 0
      value: 0
      inSlope: 0
      outSlope: 0
      tangentMode: 0
      weightedMode: 0
      inWeight: 0.33333334
      outWeight: 0.33333334
    m_PreInfinity: 2
    m_PostInfinity: 2
    m_RotationOrder: 4
  reverbZoneMixCustomCurve:
    serializedVersion: 2
    m_Curve:
    - serializedVersion: 3
      time: 0
      value: 1
      inSlope: 0
      outSlope: 0
      tangentMode: 0
      weightedMode: 0
      inWeight: 0.33333334
      outWeight: 0.33333334
    m_PreInfinity: 2
    m_PostInfinity: 2
    m_RotationOrder: 0
--- !u!136 &136401037863689238
CapsuleCollider:
  m_ObjectHideFlags: 0
  m_CorrespondingSourceObject: {fileID: 0}
  m_PrefabInstance: {fileID: 0}
  m_PrefabAsset: {fileID: 0}
  m_GameObject: {fileID: 1476732492080766}
  m_Material: {fileID: 0}
  m_IsTrigger: 0
  m_Enabled: 1
  m_Radius: 0.5
  m_Height: 1.2
  m_Direction: 1
  m_Center: {x: 0.2, y: 0.6, z: 0}
--- !u!114 &114592555712660712
MonoBehaviour:
  m_ObjectHideFlags: 0
  m_CorrespondingSourceObject: {fileID: 0}
  m_PrefabInstance: {fileID: 0}
  m_PrefabAsset: {fileID: 0}
  m_GameObject: {fileID: 1476732492080766}
  m_Enabled: 1
  m_EditorHideFlags: 0
  m_Script: {fileID: 11500000, guid: 8ec45203ae7a1a54c9d02c355f983833, type: 3}
  m_Name: 
  m_EditorClassIdentifier: 
  speed: 6
  dashParticle: {fileID: 0}
  dashClip: {fileID: 0}
  dashCd: 1
--- !u!114 &114752991469576626
MonoBehaviour:
  m_ObjectHideFlags: 0
  m_CorrespondingSourceObject: {fileID: 0}
  m_PrefabInstance: {fileID: 0}
  m_PrefabAsset: {fileID: 0}
  m_GameObject: {fileID: 1476732492080766}
  m_Enabled: 1
  m_EditorHideFlags: 0
  m_Script: {fileID: 11500000, guid: 544f2064df03e95419b4a5147c506b08, type: 3}
  m_Name: 
  m_EditorClassIdentifier: 
  startingHealth: 100
  healthSlider: {fileID: 0}
  damageImage: {fileID: 0}
  deathClip: {fileID: 8300000, guid: d36a393bca4582043982db9089e1694f, type: 3}
  flashSpeed: 5
  flashColour: {r: 1, g: 0, b: 0, a: 0.1}
  anim: {fileID: 0}
  camera: {fileID: 0}
  shakeDuration: 13
  shakeIntensity: 0.28
  canShake: 1
--- !u!1001 &580268022794758278
PrefabInstance:
  m_ObjectHideFlags: 0
  serializedVersion: 2
  m_Modification:
    m_TransformParent: {fileID: 4561646482112880}
    m_Modifications:
    - target: {fileID: -8679921383154817045, guid: 8586cb300870e22458670d5e8ce154b2,
        type: 3}
      propertyPath: m_RootOrder
      value: 3
      objectReference: {fileID: 0}
    - target: {fileID: -8679921383154817045, guid: 8586cb300870e22458670d5e8ce154b2,
        type: 3}
      propertyPath: m_LocalScale.x
      value: 0.8
      objectReference: {fileID: 0}
    - target: {fileID: -8679921383154817045, guid: 8586cb300870e22458670d5e8ce154b2,
        type: 3}
      propertyPath: m_LocalScale.y
      value: 0.8
      objectReference: {fileID: 0}
    - target: {fileID: -8679921383154817045, guid: 8586cb300870e22458670d5e8ce154b2,
        type: 3}
      propertyPath: m_LocalScale.z
      value: 0.8
      objectReference: {fileID: 0}
    - target: {fileID: -8679921383154817045, guid: 8586cb300870e22458670d5e8ce154b2,
        type: 3}
      propertyPath: m_LocalPosition.x
      value: 0
      objectReference: {fileID: 0}
    - target: {fileID: -8679921383154817045, guid: 8586cb300870e22458670d5e8ce154b2,
        type: 3}
      propertyPath: m_LocalPosition.y
      value: 0
      objectReference: {fileID: 0}
    - target: {fileID: -8679921383154817045, guid: 8586cb300870e22458670d5e8ce154b2,
        type: 3}
      propertyPath: m_LocalPosition.z
      value: 0
      objectReference: {fileID: 0}
    - target: {fileID: -8679921383154817045, guid: 8586cb300870e22458670d5e8ce154b2,
        type: 3}
      propertyPath: m_LocalRotation.w
      value: 1
      objectReference: {fileID: 0}
    - target: {fileID: -8679921383154817045, guid: 8586cb300870e22458670d5e8ce154b2,
        type: 3}
      propertyPath: m_LocalRotation.x
      value: 0
      objectReference: {fileID: 0}
    - target: {fileID: -8679921383154817045, guid: 8586cb300870e22458670d5e8ce154b2,
        type: 3}
      propertyPath: m_LocalRotation.y
      value: 0
      objectReference: {fileID: 0}
    - target: {fileID: -8679921383154817045, guid: 8586cb300870e22458670d5e8ce154b2,
        type: 3}
      propertyPath: m_LocalRotation.z
      value: 0
      objectReference: {fileID: 0}
    - target: {fileID: -8679921383154817045, guid: 8586cb300870e22458670d5e8ce154b2,
        type: 3}
      propertyPath: m_LocalEulerAnglesHint.x
      value: 0
      objectReference: {fileID: 0}
    - target: {fileID: -8679921383154817045, guid: 8586cb300870e22458670d5e8ce154b2,
        type: 3}
      propertyPath: m_LocalEulerAnglesHint.y
      value: 0
      objectReference: {fileID: 0}
    - target: {fileID: -8679921383154817045, guid: 8586cb300870e22458670d5e8ce154b2,
        type: 3}
      propertyPath: m_LocalEulerAnglesHint.z
      value: 0
      objectReference: {fileID: 0}
    - target: {fileID: -8679921383154817045, guid: 8586cb300870e22458670d5e8ce154b2,
        type: 3}
      propertyPath: m_ConstrainProportionsScale
      value: 1
      objectReference: {fileID: 0}
    - target: {fileID: 919132149155446097, guid: 8586cb300870e22458670d5e8ce154b2,
        type: 3}
      propertyPath: m_Name
      value: Rifle Aiming Idle pos
      objectReference: {fileID: 0}
    - target: {fileID: 5418252380809294293, guid: 8586cb300870e22458670d5e8ce154b2,
        type: 3}
      propertyPath: m_Materials.Array.data[0]
      value: 
      objectReference: {fileID: 2100000, guid: 7965b35696c57624ea20ac4ca80fe8c2, type: 2}
    - target: {fileID: 5418252380809294293, guid: 8586cb300870e22458670d5e8ce154b2,
        type: 3}
      propertyPath: m_Materials.Array.data[1]
      value: 
      objectReference: {fileID: 2100000, guid: 7965b35696c57624ea20ac4ca80fe8c2, type: 2}
    - target: {fileID: 5418252380809294293, guid: 8586cb300870e22458670d5e8ce154b2,
        type: 3}
      propertyPath: m_Materials.Array.data[2]
      value: 
      objectReference: {fileID: 2100000, guid: 7965b35696c57624ea20ac4ca80fe8c2, type: 2}
    - target: {fileID: 5418252380809294293, guid: 8586cb300870e22458670d5e8ce154b2,
        type: 3}
      propertyPath: m_Materials.Array.data[3]
      value: 
      objectReference: {fileID: 2100000, guid: 7965b35696c57624ea20ac4ca80fe8c2, type: 2}
    - target: {fileID: 5418252380809294293, guid: 8586cb300870e22458670d5e8ce154b2,
        type: 3}
      propertyPath: m_Materials.Array.data[4]
      value: 
      objectReference: {fileID: 2100000, guid: 7965b35696c57624ea20ac4ca80fe8c2, type: 2}
    - target: {fileID: 5418252380809294293, guid: 8586cb300870e22458670d5e8ce154b2,
        type: 3}
      propertyPath: m_Materials.Array.data[5]
      value: 
      objectReference: {fileID: 2100000, guid: 7965b35696c57624ea20ac4ca80fe8c2, type: 2}
    - target: {fileID: 5418252380809294293, guid: 8586cb300870e22458670d5e8ce154b2,
        type: 3}
      propertyPath: m_Materials.Array.data[6]
      value: 
      objectReference: {fileID: 2100000, guid: 7965b35696c57624ea20ac4ca80fe8c2, type: 2}
    m_RemovedComponents: []
  m_SourcePrefab: {fileID: 100100000, guid: 8586cb300870e22458670d5e8ce154b2, type: 3}
--- !u!1 &345914470641309143 stripped
GameObject:
  m_CorrespondingSourceObject: {fileID: 919132149155446097, guid: 8586cb300870e22458670d5e8ce154b2,
    type: 3}
  m_PrefabInstance: {fileID: 580268022794758278}
  m_PrefabAsset: {fileID: 0}
--- !u!95 &6419608444388735014
Animator:
  serializedVersion: 5
  m_ObjectHideFlags: 0
  m_CorrespondingSourceObject: {fileID: 0}
  m_PrefabInstance: {fileID: 0}
  m_PrefabAsset: {fileID: 0}
  m_GameObject: {fileID: 345914470641309143}
  m_Enabled: 1
  m_Avatar: {fileID: 9000000, guid: cc6f8b486c594cc40b04a10720474ff0, type: 3}
  m_Controller: {fileID: 9100000, guid: a0b5fe53a9a16674083220ff2bc57b14, type: 2}
  m_CullingMode: 1
  m_UpdateMode: 0
  m_ApplyRootMotion: 0
  m_LinearVelocityBlending: 0
  m_StabilizeFeet: 0
  m_WarningMessage: 
  m_HasTransformHierarchy: 1
  m_AllowConstantClipSamplingOptimization: 1
  m_KeepAnimatorStateOnDisable: 0
  m_WriteDefaultValuesOnDisable: 0
--- !u!4 &1118933178964135789 stripped
Transform:
  m_CorrespondingSourceObject: {fileID: -8679921383154817045, guid: 8586cb300870e22458670d5e8ce154b2,
    type: 3}
  m_PrefabInstance: {fileID: 580268022794758278}
  m_PrefabAsset: {fileID: 0}
--- !u!4 &5922763914983095621 stripped
Transform:
  m_CorrespondingSourceObject: {fileID: 6502182839619065283, guid: 8586cb300870e22458670d5e8ce154b2,
    type: 3}
  m_PrefabInstance: {fileID: 580268022794758278}
  m_PrefabAsset: {fileID: 0}
--- !u!1001 &3363977602243284253
PrefabInstance:
  m_ObjectHideFlags: 0
  serializedVersion: 2
  m_Modification:
    m_TransformParent: {fileID: 4561646482112880}
    m_Modifications:
    - target: {fileID: 6701878643843097498, guid: 5b44ba1ef3164504492411e097d248fa,
        type: 3}
      propertyPath: m_RootOrder
      value: 1
      objectReference: {fileID: 0}
    - target: {fileID: 6701878643843097498, guid: 5b44ba1ef3164504492411e097d248fa,
        type: 3}
      propertyPath: m_LocalPosition.x
      value: 0
      objectReference: {fileID: 0}
    - target: {fileID: 6701878643843097498, guid: 5b44ba1ef3164504492411e097d248fa,
        type: 3}
      propertyPath: m_LocalPosition.y
      value: 0
      objectReference: {fileID: 0}
    - target: {fileID: 6701878643843097498, guid: 5b44ba1ef3164504492411e097d248fa,
        type: 3}
      propertyPath: m_LocalPosition.z
      value: 0
      objectReference: {fileID: 0}
    - target: {fileID: 6701878643843097498, guid: 5b44ba1ef3164504492411e097d248fa,
        type: 3}
      propertyPath: m_LocalRotation.w
      value: 0.7071068
      objectReference: {fileID: 0}
    - target: {fileID: 6701878643843097498, guid: 5b44ba1ef3164504492411e097d248fa,
        type: 3}
      propertyPath: m_LocalRotation.x
      value: 0
      objectReference: {fileID: 0}
    - target: {fileID: 6701878643843097498, guid: 5b44ba1ef3164504492411e097d248fa,
        type: 3}
      propertyPath: m_LocalRotation.y
      value: -0.7071068
      objectReference: {fileID: 0}
    - target: {fileID: 6701878643843097498, guid: 5b44ba1ef3164504492411e097d248fa,
        type: 3}
      propertyPath: m_LocalRotation.z
      value: 0
      objectReference: {fileID: 0}
    - target: {fileID: 6701878643843097498, guid: 5b44ba1ef3164504492411e097d248fa,
        type: 3}
      propertyPath: m_LocalEulerAnglesHint.x
      value: 0
      objectReference: {fileID: 0}
    - target: {fileID: 6701878643843097498, guid: 5b44ba1ef3164504492411e097d248fa,
        type: 3}
      propertyPath: m_LocalEulerAnglesHint.y
      value: -90
      objectReference: {fileID: 0}
    - target: {fileID: 6701878643843097498, guid: 5b44ba1ef3164504492411e097d248fa,
        type: 3}
      propertyPath: m_LocalEulerAnglesHint.z
      value: 0
      objectReference: {fileID: 0}
    - target: {fileID: 6701878643843097502, guid: 5b44ba1ef3164504492411e097d248fa,
        type: 3}
      propertyPath: m_Name
      value: ShootArea
      objectReference: {fileID: 0}
    m_RemovedComponents: []
  m_SourcePrefab: {fileID: 100100000, guid: 5b44ba1ef3164504492411e097d248fa, type: 3}
--- !u!23 &8069002608041706100 stripped
MeshRenderer:
  m_CorrespondingSourceObject: {fileID: 4707920570678906729, guid: 5b44ba1ef3164504492411e097d248fa,
    type: 3}
  m_PrefabInstance: {fileID: 3363977602243284253}
  m_PrefabAsset: {fileID: 0}
--- !u!4 &8335851542449991303 stripped
Transform:
  m_CorrespondingSourceObject: {fileID: 6701878643843097498, guid: 5b44ba1ef3164504492411e097d248fa,
    type: 3}
  m_PrefabInstance: {fileID: 3363977602243284253}
  m_PrefabAsset: {fileID: 0}
--- !u!1001 &5575316003143564418
PrefabInstance:
  m_ObjectHideFlags: 0
  serializedVersion: 2
  m_Modification:
    m_TransformParent: {fileID: 5922763914983095621}
    m_Modifications:
    - target: {fileID: -8679921383154817045, guid: 73509360cb93253489634eafa0bc39ec,
        type: 3}
      propertyPath: m_RootOrder
      value: 5
      objectReference: {fileID: 0}
    - target: {fileID: -8679921383154817045, guid: 73509360cb93253489634eafa0bc39ec,
        type: 3}
      propertyPath: m_LocalScale.x
      value: 70
      objectReference: {fileID: 0}
    - target: {fileID: -8679921383154817045, guid: 73509360cb93253489634eafa0bc39ec,
        type: 3}
      propertyPath: m_LocalScale.y
      value: 70
      objectReference: {fileID: 0}
    - target: {fileID: -8679921383154817045, guid: 73509360cb93253489634eafa0bc39ec,
        type: 3}
      propertyPath: m_LocalScale.z
      value: 70
      objectReference: {fileID: 0}
    - target: {fileID: -8679921383154817045, guid: 73509360cb93253489634eafa0bc39ec,
        type: 3}
      propertyPath: m_LocalPosition.x
      value: -0.362
      objectReference: {fileID: 0}
    - target: {fileID: -8679921383154817045, guid: 73509360cb93253489634eafa0bc39ec,
        type: 3}
      propertyPath: m_LocalPosition.y
      value: -0.171
      objectReference: {fileID: 0}
    - target: {fileID: -8679921383154817045, guid: 73509360cb93253489634eafa0bc39ec,
        type: 3}
      propertyPath: m_LocalPosition.z
      value: -0.053
      objectReference: {fileID: 0}
    - target: {fileID: -8679921383154817045, guid: 73509360cb93253489634eafa0bc39ec,
        type: 3}
      propertyPath: m_LocalRotation.w
      value: 0.4399485
      objectReference: {fileID: 0}
    - target: {fileID: -8679921383154817045, guid: 73509360cb93253489634eafa0bc39ec,
        type: 3}
      propertyPath: m_LocalRotation.x
      value: -0.04440303
      objectReference: {fileID: 0}
    - target: {fileID: -8679921383154817045, guid: 73509360cb93253489634eafa0bc39ec,
        type: 3}
      propertyPath: m_LocalRotation.y
      value: -0.02178646
      objectReference: {fileID: 0}
    - target: {fileID: -8679921383154817045, guid: 73509360cb93253489634eafa0bc39ec,
        type: 3}
      propertyPath: m_LocalRotation.z
      value: 0.89666
      objectReference: {fileID: 0}
    - target: {fileID: -8679921383154817045, guid: 73509360cb93253489634eafa0bc39ec,
        type: 3}
      propertyPath: m_LocalEulerAnglesHint.x
      value: 0
      objectReference: {fileID: 0}
    - target: {fileID: -8679921383154817045, guid: 73509360cb93253489634eafa0bc39ec,
        type: 3}
      propertyPath: m_LocalEulerAnglesHint.y
      value: -5.67
      objectReference: {fileID: 0}
    - target: {fileID: -8679921383154817045, guid: 73509360cb93253489634eafa0bc39ec,
        type: 3}
      propertyPath: m_LocalEulerAnglesHint.z
      value: 127.73
      objectReference: {fileID: 0}
    - target: {fileID: -7511558181221131132, guid: 73509360cb93253489634eafa0bc39ec,
        type: 3}
      propertyPath: m_Materials.Array.data[0]
      value: 
      objectReference: {fileID: 2100000, guid: 7965b35696c57624ea20ac4ca80fe8c2, type: 2}
    - target: {fileID: -7511558181221131132, guid: 73509360cb93253489634eafa0bc39ec,
        type: 3}
      propertyPath: m_Materials.Array.data[1]
      value: 
      objectReference: {fileID: 2100000, guid: 7965b35696c57624ea20ac4ca80fe8c2, type: 2}
    - target: {fileID: -7511558181221131132, guid: 73509360cb93253489634eafa0bc39ec,
        type: 3}
      propertyPath: m_Materials.Array.data[2]
      value: 
      objectReference: {fileID: 2100000, guid: 7965b35696c57624ea20ac4ca80fe8c2, type: 2}
    - target: {fileID: 919132149155446097, guid: 73509360cb93253489634eafa0bc39ec,
        type: 3}
      propertyPath: m_Name
      value: Water_Gun
      objectReference: {fileID: 0}
    m_RemovedComponents: []
  m_SourcePrefab: {fileID: 100100000, guid: 73509360cb93253489634eafa0bc39ec, type: 3}
--- !u!1001 &6084634631967344163
PrefabInstance:
  m_ObjectHideFlags: 0
  serializedVersion: 2
  m_Modification:
    m_TransformParent: {fileID: 4561646482112880}
    m_Modifications:
    - target: {fileID: 1168684330374341028, guid: e8b1a7b8848df14439dba15a2f94adbe,
        type: 3}
      propertyPath: m_RootOrder
      value: 0
      objectReference: {fileID: 0}
    - target: {fileID: 1168684330374341028, guid: e8b1a7b8848df14439dba15a2f94adbe,
        type: 3}
      propertyPath: m_LocalPosition.x
      value: 0
      objectReference: {fileID: 0}
    - target: {fileID: 1168684330374341028, guid: e8b1a7b8848df14439dba15a2f94adbe,
        type: 3}
      propertyPath: m_LocalPosition.y
      value: 0.904
      objectReference: {fileID: 0}
    - target: {fileID: 1168684330374341028, guid: e8b1a7b8848df14439dba15a2f94adbe,
        type: 3}
      propertyPath: m_LocalPosition.z
      value: 0
      objectReference: {fileID: 0}
    - target: {fileID: 1168684330374341028, guid: e8b1a7b8848df14439dba15a2f94adbe,
        type: 3}
      propertyPath: m_LocalRotation.w
      value: 1
      objectReference: {fileID: 0}
    - target: {fileID: 1168684330374341028, guid: e8b1a7b8848df14439dba15a2f94adbe,
        type: 3}
      propertyPath: m_LocalRotation.x
      value: -0
      objectReference: {fileID: 0}
    - target: {fileID: 1168684330374341028, guid: e8b1a7b8848df14439dba15a2f94adbe,
        type: 3}
      propertyPath: m_LocalRotation.y
      value: -0
      objectReference: {fileID: 0}
    - target: {fileID: 1168684330374341028, guid: e8b1a7b8848df14439dba15a2f94adbe,
        type: 3}
      propertyPath: m_LocalRotation.z
      value: -0
      objectReference: {fileID: 0}
    - target: {fileID: 1168684330374341028, guid: e8b1a7b8848df14439dba15a2f94adbe,
        type: 3}
      propertyPath: m_LocalEulerAnglesHint.x
      value: 0
      objectReference: {fileID: 0}
    - target: {fileID: 1168684330374341028, guid: e8b1a7b8848df14439dba15a2f94adbe,
        type: 3}
      propertyPath: m_LocalEulerAnglesHint.y
      value: 0
      objectReference: {fileID: 0}
    - target: {fileID: 1168684330374341028, guid: e8b1a7b8848df14439dba15a2f94adbe,
        type: 3}
      propertyPath: m_LocalEulerAnglesHint.z
      value: 0
      objectReference: {fileID: 0}
    - target: {fileID: 2956827124498976229, guid: e8b1a7b8848df14439dba15a2f94adbe,
        type: 3}
      propertyPath: m_Name
      value: Dash Particle
      objectReference: {fileID: 0}
    - target: {fileID: 8170292748982628478, guid: e8b1a7b8848df14439dba15a2f94adbe,
        type: 3}
      propertyPath: m_Materials.Array.data[0]
      value: 
      objectReference: {fileID: 2100000, guid: 7965b35696c57624ea20ac4ca80fe8c2, type: 2}
    - target: {fileID: 8170292748982628478, guid: e8b1a7b8848df14439dba15a2f94adbe,
        type: 3}
      propertyPath: m_Materials.Array.data[1]
      value: 
      objectReference: {fileID: 2100000, guid: 7965b35696c57624ea20ac4ca80fe8c2, type: 2}
    m_RemovedComponents: []
  m_SourcePrefab: {fileID: 100100000, guid: e8b1a7b8848df14439dba15a2f94adbe, type: 3}
--- !u!4 &4920453902177085319 stripped
Transform:
  m_CorrespondingSourceObject: {fileID: 1168684330374341028, guid: e8b1a7b8848df14439dba15a2f94adbe,
    type: 3}
  m_PrefabInstance: {fileID: 6084634631967344163}
  m_PrefabAsset: {fileID: 0}
--- !u!1001 &7665828782286324206
PrefabInstance:
  m_ObjectHideFlags: 0
  serializedVersion: 2
  m_Modification:
    m_TransformParent: {fileID: 4561646482112880}
    m_Modifications:
    - target: {fileID: 2432189869861513553, guid: ef2040e43136e6d4f80a2690e95f1855,
        type: 3}
      propertyPath: m_LocalPosition.x
      value: 0.045
      objectReference: {fileID: 0}
    - target: {fileID: 2432189869861513553, guid: ef2040e43136e6d4f80a2690e95f1855,
        type: 3}
      propertyPath: m_LocalPosition.y
      value: 0.255
      objectReference: {fileID: 0}
    - target: {fileID: 2432189869861513553, guid: ef2040e43136e6d4f80a2690e95f1855,
        type: 3}
      propertyPath: m_LocalPosition.z
      value: 0.705
      objectReference: {fileID: 0}
    - target: {fileID: 2432189870049182370, guid: ef2040e43136e6d4f80a2690e95f1855,
        type: 3}
      propertyPath: m_Name
      value: GunBarrelEnd
      objectReference: {fileID: 0}
    - target: {fileID: 2432189870049182371, guid: ef2040e43136e6d4f80a2690e95f1855,
        type: 3}
      propertyPath: m_RootOrder
      value: 2
      objectReference: {fileID: 0}
    - target: {fileID: 2432189870049182371, guid: ef2040e43136e6d4f80a2690e95f1855,
        type: 3}
      propertyPath: m_LocalPosition.x
      value: 0
      objectReference: {fileID: 0}
    - target: {fileID: 2432189870049182371, guid: ef2040e43136e6d4f80a2690e95f1855,
        type: 3}
      propertyPath: m_LocalPosition.y
      value: 1.355
      objectReference: {fileID: 0}
    - target: {fileID: 2432189870049182371, guid: ef2040e43136e6d4f80a2690e95f1855,
        type: 3}
      propertyPath: m_LocalPosition.z
      value: 0.497
      objectReference: {fileID: 0}
    - target: {fileID: 2432189870049182371, guid: ef2040e43136e6d4f80a2690e95f1855,
        type: 3}
      propertyPath: m_LocalRotation.w
      value: 1
      objectReference: {fileID: 0}
    - target: {fileID: 2432189870049182371, guid: ef2040e43136e6d4f80a2690e95f1855,
        type: 3}
      propertyPath: m_LocalRotation.x
      value: 0
      objectReference: {fileID: 0}
    - target: {fileID: 2432189870049182371, guid: ef2040e43136e6d4f80a2690e95f1855,
        type: 3}
      propertyPath: m_LocalRotation.y
      value: 0
      objectReference: {fileID: 0}
    - target: {fileID: 2432189870049182371, guid: ef2040e43136e6d4f80a2690e95f1855,
        type: 3}
      propertyPath: m_LocalRotation.z
      value: 0
      objectReference: {fileID: 0}
    - target: {fileID: 2432189870049182371, guid: ef2040e43136e6d4f80a2690e95f1855,
        type: 3}
      propertyPath: m_LocalEulerAnglesHint.x
      value: 0
      objectReference: {fileID: 0}
    - target: {fileID: 2432189870049182371, guid: ef2040e43136e6d4f80a2690e95f1855,
        type: 3}
      propertyPath: m_LocalEulerAnglesHint.y
      value: 0
      objectReference: {fileID: 0}
    - target: {fileID: 2432189870049182371, guid: ef2040e43136e6d4f80a2690e95f1855,
        type: 3}
      propertyPath: m_LocalEulerAnglesHint.z
      value: 0
      objectReference: {fileID: 0}
    m_RemovedComponents:
    - {fileID: 2432189869812320816, guid: ef2040e43136e6d4f80a2690e95f1855, type: 3}
  m_SourcePrefab: {fileID: 100100000, guid: ef2040e43136e6d4f80a2690e95f1855, type: 3}
--- !u!1 &5450095956042285900 stripped
GameObject:
  m_CorrespondingSourceObject: {fileID: 2432189870049182370, guid: ef2040e43136e6d4f80a2690e95f1855,
    type: 3}
  m_PrefabInstance: {fileID: 7665828782286324206}
  m_PrefabAsset: {fileID: 0}
--- !u!114 &5186928498369379763
MonoBehaviour:
  m_ObjectHideFlags: 0
  m_CorrespondingSourceObject: {fileID: 0}
  m_PrefabInstance: {fileID: 0}
  m_PrefabAsset: {fileID: 0}
  m_GameObject: {fileID: 5450095956042285900}
  m_Enabled: 1
  m_EditorHideFlags: 0
  m_Script: {fileID: 11500000, guid: 27c63be2a8918c741863160b9d9da122, type: 3}
  m_Name: 
  m_EditorClassIdentifier: 
  damagePerShot: 20
  timeBetweenBullets: 0.15
  range: 100
  shootingArea: {fileID: 8069002608041706100}
  timer: 0
  effectsDisplayTime: 0.2
  particleSystemMaterial: {fileID: 0}
--- !u!4 &5450095956042285901 stripped
Transform:
  m_CorrespondingSourceObject: {fileID: 2432189870049182371, guid: ef2040e43136e6d4f80a2690e95f1855,
    type: 3}
  m_PrefabInstance: {fileID: 7665828782286324206}
  m_PrefabAsset: {fileID: 0}
